<record><leader>00000cas a22000007a 4500</leader><controlfield tag="001">22588724</controlfield><controlfield tag="008">901026d1892189ucouwr ne      0    0eng d</controlfield><datafield ind1=" " ind2=" " tag="010"><subfield code="a">sn 90051839 </subfield></datafield><datafield ind1=" " ind2=" " tag="040"><subfield code="a">CNQ</subfield><subfield code="b">eng</subfield><subfield code="c">CNQ</subfield><subfield code="d">OCLCQ</subfield></datafield><datafield ind1=" " ind2=" " tag="042"><subfield code="a">msc</subfield></datafield><datafield ind1="0" ind2="4" tag="245"><subfield code="a">The San Juan silverite.</subfield></datafield><datafield ind1="3" ind2="0" tag="246"><subfield code="a">San Juan Colorado silverite</subfield></datafield><datafield ind1=" " ind2=" " tag="260"><subfield code="a">Ouray, Colo. :</subfield><subfield code="b">A.E. Long</subfield></datafield><datafield ind1=" " ind2=" " tag="300"><subfield code="a">v.</subfield></datafield><datafield ind1=" " ind2=" " tag="310"><subfield code="a">Weekly</subfield></datafield><datafield ind1="1" ind2=" " tag="362"><subfield code="a">Began in 1982?</subfield></datafield><datafield ind1=" " ind2=" " tag="588"><subfield code="a">Description based on: Vol. 1, no. 40 (June 4, 1892).</subfield></datafield><datafield ind1=" " ind2=" " tag="752"><subfield code="a">United States</subfield><subfield code="b">Colorado</subfield><subfield code="c">Ouray</subfield><subfield code="d">Ouray.</subfield></datafield><datafield ind1=" " ind2=" " tag="752"><subfield code="a">United States</subfield><subfield code="b">Colorado</subfield><subfield code="c">San Juan</subfield><subfield code="d">Ouray.</subfield></datafield><datafield ind1="0" ind2="7" tag="785"><subfield code="t">Ouray plaindealer</subfield><subfield code="w">(DLC)sn 90051841</subfield></datafield><datafield ind1="0" ind2="7" tag="785"><subfield code="t">Silverite-plaindealer</subfield><subfield code="w">(DLC)sn 90051242</subfield></datafield></record>